@book{alpaydin2014introduction,
  title={Introduction to machine learning},
  author={Alpaydin, Ethem},
  year={2014},
  publisher={MIT press}
}

@inproceedings{neklyudov2017performance,
  title={Performance of Machine Learning Algorithms in Predicting Game Outcome from Drafts in Dota 2},
  author={Neklyudov, Kirill},
  booktitle={Analysis of Images, Social Networks and Texts: 5th International Conference, AIST 2016, Yekaterinburg, Russia, April 7-9, 2016, Revised Selected Papers},
  volume={661},
  pages={26},
  year={2017},
  organization={Springer}
}

@article{conley2013does,
  title={How does he saw me? A Recommendation Engine for Picking Heroes in Dota 2},
  author={Conley, Kevin and Perry, Daniel},
  journal={Np, nd Web},
  volume={7},
  year={2013}
}

@techreport{agarwala2014learning,
  title={Learning Dota 2 Team Compositions},
  author={Agarwala, Atish and Pearce, Michael},
  year={2014},
  institution={tech. rep., Stanford University}
}

@techreport{song2015predicting,
  title={Predicting the winning side of DotA2},
  author={Song, Kuangyan and Zhang, Tianyi and Ma, Chao},
  year={2015},
  institution={tech. rep., Stanford University}
}
@techreport{kinkade2015dota,
  title={DOTA 2 Win Prediction},
  author={Kinkade, Nicholas and Jolla, L and Lim, K},
  year={2015},
  institution={tech. rep., University of California San Diego}
}
@article{yang2016real,
  title={Real-time eSports Match Result Prediction},
  author={Yang, Yifan and Qin, Tian and Lei, Yu-Heng},
  journal={arXiv preprint arXiv:1701.03162},
  year={2016}
}
@online{kaggledota,
  url={https://www.kaggle.com/devinanzelmo/dota-2-matches}
}
@online{kaggle,
  url={https://www.kaggle.com}
}
@online{sit,
  url={http://comprehensivepainmanagementcenter.com/correct-sitting-posture/}
}

@online{track,
  url={http://dota2.prizetrac.kr/}
}
@article{kim2014convolutional,
  title={Convolutional neural networks for sentence classification},
  author={Kim, Yoon},
  journal={arXiv preprint arXiv:1408.5882},
  year={2014}
}
@article{goldberg2014word2vec,
  title={word2vec Explained: deriving Mikolov et al.'s negative-sampling word-embedding method},
  author={Goldberg, Yoav and Levy, Omer},
  journal={arXiv preprint arXiv:1402.3722},
  year={2014}
}
@article{mikolov2013efficient,
  title={Efficient estimation of word representations in vector space},
  author={Mikolov, Tomas and Chen, Kai and Corrado, Greg and Dean, Jeffrey},
  journal={arXiv preprint arXiv:1301.3781},
  year={2013}
}
@article{lecun1995convolutional,
  title={Convolutional networks for images, speech, and time series},
  author={LeCun, Yann and Bengio, Yoshua and others},
  journal={The handbook of brain theory and neural networks},
  volume={3361},
  number={10},
  pages={1995},
  year={1995}
}